2942 4492
466 502 521 573 60
600 526 686 589 ‚nu
710 501 1096 580 Iuscnrntrous

462 610 603 705 rudes,
632 641 779 726 opera,
808 631 852 696 ut
866 614 980 723 pueri
994 615 1113 724 magis
1129 608 1239 696 dele·

462 723 620 808 ceantur
650 721 866 812 monstrofis
900 725 1076 817 fabulis,
1115 754 1238 838 quam

462 835 628 954 simplici
644 845 833 935 ueritate,
864 842 1112 954 quantumvis
1127 869 1239 924 com·

462 976 531 1065 pte
560 951 677 1050 fuerit
706 1012 717 1044 ‚
747 958 791 1038 ὅ(
820 956 1016 1070 eleganter
1043 951 1238 1066 represen-

464 1089 546 1152 tata
576 1099 587 1160 ;
616 1068 712 1180 quid
738 1092 869 1154 autem
899 1129 910 1161 ,
941 1068 1004 1155 vel
1040 1073 1150 1176 cujus
1179 1071 1237 1154 rei

464 1188 698 1268 memoriam
727 1185 833 1296 apud
857 1187 963 1269 Sinas
992 1185 1232 1272 invenimus,

461 1327 548 1411 quae
565 1301 811 1410 antiquitatis
827 1302 877 1384 ab
891 1294 977 1414 ipsrs
991 1294 1237 1382 fibiuindica·

464 1435 514 1496 tae
532 1416 643 1515 nobis
657 1413 776 1498 fidem
790 1411 885 1497 facit
899 1423 914 1497 ἒ
929 1409 1039 1496 nihili
1055 1408 1205 1526 prorsus
1221 1471 1234 1506 ,

461 1523 532 1610 nist
546 1529 655 1640 quod
669 1530 719 1611 ab
727 1532 898 1642 AEgypto
912 1531 995 1635 jam
1007 1524 1165 1612 florenti
1180 1524 1235 1608 fa·

460 1638 536 1724 cile
560 1637 648 1726 satis
672 1670 857 1726 unacum
880 1644 1074 1726 mercibus
1103 1636 1235 1722 inferri

460 1776 647 1868 poterat,
666 1753 880 1842 multarum
896 1787 1026 1841 rerum
1047 1757 1236 1840 minutio·

319 1878 329 1891 ’
458 1897 548 1954 rum
564 1870 729 1961 formas,
743 1872 788 1954 ὅ(
800 1870 980 1954 modulos
996 1927 1009 1959 ,
1024 1895 1235 1954 ornamen-

459 2008 521 2078 ta,
536 1987 675 2096 quibus
692 1981 859 2098 puerilia
872 1982 998 2066 multa
1014 2012 1062 2066 ex
1076 1978 1235 2064 suosen-

457 2095 499 2182 su
514 2098 756 2211 deprompta
769 2098 967 2193 addidere,
984 2094 1234 2180 Architectu-

458 2240 510 2296 rae
537 2207 624 2296 satis
640 2215 807 2298 modicae
830 2212 1118 2302 accomodata,
1146 2239 1235 2295 om-

458 2331 515 2408 nis
531 2331 680 2440 generis
695 2326 963 2418 instrumenta,
979 2328 1098 2421 artes,
1112 2320 1237 2408 scien·

458 2444 531 2525 tias
547 2444 704 2556 ,quales
719 2465 813 2528 tunc
834 2443 933 2528 olim
954 2445 1119 2528 extitere
1134 2501 1146 2533 ,
1159 2441 1232 2524 im·

457 2559 557 2667 perii
572 2556 839 2670 ,populosque
853 2558 1095 2668 gubernandi
1110 2557 1233 2639 ratio·

456 2699 573 2760 nem,
603 2668 803 2784 scripturae
817 2699 1022 2760 normam,
1052 2673 1169 2752 etiam
1187 2671 1232 2751 δι

455 2783 656 2868 historiam
682 2786 985 2898 AEgyptiacam‚
1007 2812 1126 2896 quam
1157 2779 1231 2866 suae

458 2902 661 3012 praeviam,
677 2904 756 3013 quai
771 2904 812 2985 in
826 2898 969 2985 altiora
984 2897 1232 3009 protrahere»

459 3034 526 3095 tur
555 3033 771 3127 tempora,
803 3013 1002 3100 intexuiffe
1030 3009 1121 3099 satis
1150 3015 1231 3097 evi·

457 3126 598 3211 denter
637 3132 851 3241 probavere
891 3128 1125 3214 Academici
1147 3131 1232 3235 jam

458 3247 696 3342 memorati,
724 3245 822 3334 nihil
848 3267 981 3338 autem
1007 3243 1114 3360 quod
1127 3269 1230 3442 mid

1161 3387 1188 3441 n
