2942 4492
472 517 1092 618 58osluse1t11³s1oiss
1264 512 1266 518 ’
1435 530 1436 552 ¹

466 627 754 714 observationes
769 637 852 740 jam
879 658 902 712 a
926 655 988 712 me
1015 630 1157 712 Romae
1184 629 1242 717 sae

465 749 567 838 dia,
597 748 666 829 ubi
693 742 901 834 Obelisci,
931 770 1012 855 quo
1039 749 1239 856 antiquio·

464 887 527 944 res
554 889 604 944 eo
632 862 840 971 pauciores
874 856 1064 944 exhibent
1098 858 1240 943 chara-

464 978 627 1063 oteres,
669 976 714 1056 ἃ
750 1001 800 1058 eo
830 973 1007 1086 pluribus
1034 973 1239 1058 abundant

464 1085 678 1198 symbolis.
708 1087 787 1178 Hic
800 1085 916 1172 statos
936 1090 1057 1200 igitur
1083 1088 1240 1172 littera-

465 1231 554 1286 rum
570 1207 720 1315 primus
738 1200 844 1298 esto,
873 1199 934 1290 vel
950 1198 1056 1312 quafi
1072 1204 1239 1315 primus;

466 1321 646 1427 jamvero
681 1315 790 1402 facili
826 1315 1104 1428 consequentia
1140 1314 1237 1400 hinc

464 1435 548 1516 erui
576 1436 729 1544 poterit
746 1434 851 1516 sinas
879 1435 931 1518 ab
947 1433 1143 1546 AEgyptiis
1157 1433 1237 1545 pri.

462 1573 545 1628 mas
572 1546 753 1636 litteras,
784 1543 849 1631 seu
878 1549 1012 1661 potius
1037 1545 1240 1630 charadte·

460 1687 520 1743 res
549 1657 759 1755 didicille‚
790 1683 877 1744 tum
904 1659 1058 1754 solum,
1086 1661 1131 1743 δι
1156 1687 1237 1744 non

461 1793 606 1869 antea,
634 1803 728 1859 cum
752 1774 838 1861 haec
862 1805 923 1861 ars
938 1775 1238 1888 quodammodo

459 1885 635 2003 perfee‘la
651 1889 807 1980 laidet,
835 1887 1123 2000 multiplicatis
1144 1887 1238 1971 cha-

459 2007 673 2088 radteribus
703 2003 947 2098 arbitrariis,
964 2002 1156 2112 ablegatis
1172 2031 1236 2086 ven

457 2148 506 2202 ro
540 2114 724 2230 symbolis
753 2147 766 2209 ;
793 2145 887 2203 cuin
924 2120 1030 2200 enim
1058 2119 1235 2200 maxima

456 2225 654 2343 lignorum
692 2228 1001 2344 symbolicorum
1033 2232 1236 2316 abundan-

458 2348 542 2436 tia,
572 2375 743 2458 quorum
780 2343 881 2430 olim
910 2343 988 2430 fuit
1010 2343 1097 2429 usus
1127 2343 1236 2456 apud

457 2463 664 2574 AEgyptios
704 2456 1061 2551 familiariffimus·‚
1103 2456 1236 2546 adhuc

455 2572 722 2688 lupercorum
744 2599 1003 2662 monumenta
1017 2595 1235 2686 appaseat,

306 2697 310 2706 “
455 2691 501 2772 ἃ
530 2687 637 2773 nulla
666 2716 767 2800 pene
782 2751 796 2785 ,
810 2688 873 2773 vel
900 2677 990 2774 sara
1018 2690 1236 2775 admodum

455 2801 599 2888 horum
614 2801 772 2917 vestigia
786 2807 908 2888 etiam
933 2809 975 2887 in
1004 2802 1235 2915 pervetustis

457 2919 639 3002 Sinarum
675 2921 913 3009 codicibus,
943 2919 1006 3004 vel
1034 2923 1120 3003 aliis
1149 2922 1235 3032 qui-

455 3029 573 3118 busve
595 3039 859 3119 monumentis
874 3033 977 3120 illius
997 3037 1162 3148 Imperii
1177 3039 1234 3117 iu·-

456 3149 691 3245 veniamur,
721 3177 849 3262 neque
873 3151 1018 3235 horum
1034 3147 1235 3266 symbolo-

456 3291 576 3360 rum,
604 3263 669 3353 vel
696 3264 1234 3465 minimamhabeaotidfeastu

800 3413 804 3418 ,
1204 3405 1236 3462 l,
