2942 4492
353 499 862 598 AEcrorrtcrErrsr.
949 533 1005 608 47

228 641 316 706 rum
344 613 550 732 legebatur
573 613 657 709 hacc
687 613 921 732 inscriptio:
950 619 1009 712 his

227 735 386 832 humeris
416 733 508 818 hanc
524 733 617 818 mihi
633 757 771 822 terram
802 733 982 850 acquisivi
994 792 1008 828 ,

226 879 300 964 quc
316 851 409 933 mihi
424 857 465 931 in
478 853 677 936 dominium
693 851 793 957 ceffit
811 847 848 952 ¹,
864 852 1009 938 eodem

225 965 332 1054 libro
346 963 455 1052 idern
466 966 623 1050 Auctor
641 962 830 1052 describit
843 963 1012 1055 statuam

229 1077 395 1168 Sethoni
411 1085 596 1176 erectam,
609 1109 660 1166 ex
674 1086 785 1190 cujus
803 1111 887 1174 ore,
902 1111 1010 1171 men·

224 1212 270 1280 to
284 1251 297 1284 ‚
321 1197 560 1306 mopinot,
576 1192 865 1310 inscriptahaec
882 1198 1004 1294 verba

225 1307 464 1422 processere:
487 1321 702 1426 quicumque
723 1341 780 1398 me
793 1315 1010 1426 contempla-

225 1449 291 1511 tur
305 1426 422 1621 discat
441 1435 619 1540 pietatem
635 1429 765 1512 colere·
782 1427 1009 1516 Pocockiut

225 1541 266 1624 in
280 1537 330 1622 de
348 1543 544 1655 criptione
573 1544 735 1658 AEgypti
763 1540 928 1656 loquens
958 1543 1011 1636 de

229 1657 455 1752 Memnonis
505 1653 629 1745 statua
672 1655 905 1768 inscriptam
950 1657 1012 1744 di.

227 1772 287 1856 cit
316 1789 448 1858 totam
462 1800 485 1855 c
500 1769 659 1858 summis
683 1775 795 1859 coxis
815 1769 865 1856 us
885 1802 933 1858 ne
956 1774 1010 1859 ad

226 1885 346 1998 pedes
369 1883 471 1971 insrc
501 1888 619 1972 variis
646 1890 847 1972 variorum
907 1890 1010 1971 omi·

225 2027 322 2086 num
346 2030 397 2088 ex
412 2002 524 2090 omni
538 2020 655 2115 gente
670 2003 895 2088 nominibus
913 2057 925 2090 ‚
940 2003 1011 2113 qui

226 2113 330 2198 hanc
346 2114 514 2204 statuam
529 2118 649 2206 verba
664 2115 931 2231 proferentem
947 2146 1013 2200 nn-

227 2228 415 2330 dierant2
443 2236 549 2330 inter
579 2261 666 2344 quae
682 2235 831 2318 eminet
850 2235 895 2318 &
910 2229 1012 2324 illud

230 2343 483 2432 Germanici:
513 2347 600 2437 imo
626 2349 769 2444 Romae
796 2346 927 2440 adhuc
951 2349 1012 2433 vi-

228 2456 321 2542 dere
336 2456 392 2560 est
406 2453 714 2574 frequentissimi
729 2463 885 2556 Statuas
896 2463 1011 2574 AEgy-

229 2573 418 2688 ptitcas,
447 2603 616 2689 quarum
654 2571 807 2668 dorso,
850 2571 1011 2686 aliisque

229 2692 412 2802 corporis
442 2691 622 2806 partibus
639 2715 852 2778 exarantur
875 2689 1010 2777 chara·

228 2806 353 2888 iteres
377 2807 539 2917 plurimi
567 2802 681 2918 signis
697 2804 923 2922 symbolicis
952 2807 1010 2890 in·

229 2923 415 3006 tertexti.
446 2924 502 3012 En
516 2922 640 3009 altera
672 2923 758 3010 sctis
783 2917 922 3008 efficax
948 2949 1011 3007 ra·

75 3045 79 3054 '
205 3017 292 3120 tio
308 3091 321 3128 ‚
336 3064 408 3122 cur
422 3031 671 3126 fimulacrum
698 3035 778 3124 hoc
791 3035 1011 3124 Taurinen-

974 3148 1013 3234 se

279 3452 292 3492 ι
311 3433 467 3500 nerontis
487 3435 535 3502 nr
548 3435 594 3502 11.
