<?xml version="1.0" encoding="UTF-8"?>
<!DOCTYPE html PUBLIC "-//W3C//DTD XHTML 1.0 Transitional//EN"
    "http://www.w3.org/TR/xhtml1/DTD/xhtml1-transitional.dtd">
<html xmlns="http://www.w3.org/1999/xhtml" xml:lang="en" lang="en">
 <head>
  <title>
</title>
<meta http-equiv="Content-Type" content="text/html;charset=utf-8" />
  <meta name='ocr-system' content='tesseract 3.04.00' />
  <meta name='ocr-capabilities' content='ocr_page ocr_carea ocr_par ocr_line ocrx_word'/>
</head>
<body>
  <div class='ocr_page' id='page_1' title='image "./deinscriptioneq00needgoog_0015.png"; bbox 0 0 2942 4492; ppageno 0'>
   <div class='ocr_carea' id='block_1_1' title="bbox 467 530 1241 995">
    <p class='ocr_par' dir='ltr' id='par_1_1' title="bbox 477 530 1097 618">
     <span class='ocr_line' id='line_1_1' title="bbox 477 530 1097 618; baseline 0.008 -6"><span class='ocrx_word' id='word_1_1' title='bbox 477 541 504 612; x_wconf 78' lang='lat'>8</span> <span class='ocrx_word' id='word_1_2' title='bbox 625 557 683 618; x_wconf 82' lang='lat' dir='ltr'>na</span> <span class='ocrx_word' id='word_1_3' title='bbox 710 530 1097 617; x_wconf 78' lang='lat' dir='ltr'>Inscnmmonn</span> 
     </span>
    </p>

    <p class='ocr_par' dir='ltr' id='par_1_2' title="bbox 467 643 1241 995">
     <span class='ocr_line' id='line_1_2' title="bbox 467 643 1240 760; baseline 0 -27"><span class='ocrx_word' id='word_1_4' title='bbox 467 653 550 744; x_wconf 88' lang='lat' dir='ltr'>nis,</span> <span class='ocrx_word' id='word_1_5' title='bbox 567 643 875 759; x_wconf 87' lang='lat' dir='ltr'>mammellisque</span> <span class='ocrx_word' id='word_1_6' title='bbox 890 647 1097 736; x_wconf 78' lang='lat' dir='ltr'>simulacri</span> <span class='ocrx_word' id='word_1_7' title='bbox 1109 645 1240 760; x_wconf 87' lang='lat' dir='ltr'><strong>cujus·</strong></span> 
     </span>
     <span class='ocr_line' id='line_1_3' title="bbox 471 763 1241 878; baseline 0.001 -29"><span class='ocrx_word' id='word_1_8' title='bbox 471 763 568 850; x_wconf 92' lang='lat' dir='ltr'>dam</span> <span class='ocrx_word' id='word_1_9' title='bbox 608 791 660 849; x_wconf 85' lang='lat' dir='ltr'>ex</span> <span class='ocrx_word' id='word_1_10' title='bbox 686 789 884 847; x_wconf 89' lang='lat' dir='ltr'>marmore</span> <span class='ocrx_word' id='word_1_11' title='bbox 912 767 1029 878; x_wconf 87' lang='lat' dir='ltr'>nigro</span> <span class='ocrx_word' id='word_1_12' title='bbox 1065 763 1241 850; x_wconf 79' lang='lat' dir='ltr'>confet‘ii</span> 
     </span>
     <span class='ocr_line' id='line_1_4' title="bbox 473 878 1241 995; baseline -0.003 -27"><span class='ocrx_word' id='word_1_13' title='bbox 473 897 671 969; x_wconf 79' lang='lat' dir='ltr'>exarata,</span> <span class='ocrx_word' id='word_1_14' title='bbox 701 878 812 990; x_wconf 90' lang='lat' dir='ltr'>quod</span> <span class='ocrx_word' id='word_1_15' title='bbox 840 884 932 965; x_wconf 73' lang='lat' dir='ltr'>vere</span> <span class='ocrx_word' id='word_1_16' title='bbox 961 882 1241 995; x_wconf 84' lang='lat' dir='ltr'>AEgyptiacum</span> 
     </span>
    </p>
   </div>
   <div class='ocr_carea' id='block_1_2' title="bbox 248 989 1243 1106">
    <p class='ocr_par' dir='ltr' id='par_1_3' title="bbox 248 989 1243 1106">
     <span class='ocr_line' id='line_1_5' title="bbox 248 989 1243 1106; baseline -0.005 -23"><span class='ocrx_word' id='word_1_17' title='bbox 248 996 250 1002; x_wconf 67' lang='grc'>’</span> <span class='ocrx_word' id='word_1_18' title='bbox 307 1003 309 1007; x_wconf 78' lang='grc'><strong>’</strong></span> <span class='ocrx_word' id='word_1_19' title='bbox 474 995 682 1082; x_wconf 81' lang='lat' dir='ltr'>marmoris</span> <span class='ocrx_word' id='word_1_20' title='bbox 695 989 839 1106; x_wconf 79' lang='lat' dir='ltr'>species</span> <span class='ocrx_word' id='word_1_21' title='bbox 855 1049 866 1084; x_wconf 65' lang='lat'><em>2</em></span> <span class='ocrx_word' id='word_1_22' title='bbox 881 997 1024 1106; x_wconf 85' lang='lat' dir='ltr'>capitn</span> <span class='ocrx_word' id='word_1_23' title='bbox 1037 1023 1243 1080; x_wconf 86' lang='lat' dir='ltr'>ornamen-</span> 
     </span>
    </p>
   </div>
   <div class='ocr_carea' id='block_1_3' title="bbox 467 1104 1331 2826">
    <p class='ocr_par' dir='ltr' id='par_1_4' title="bbox 467 1104 1331 2826">
     <span class='ocr_line' id='line_1_6' title="bbox 472 1104 1270 1224; baseline -0.004 -29"><span class='ocrx_word' id='word_1_24' title='bbox 472 1131 542 1201; x_wconf 90' lang='lat' dir='ltr'>ta,</span> <span class='ocrx_word' id='word_1_25' title='bbox 573 1104 779 1224; x_wconf 87' lang='lat' dir='ltr'>sculpturae</span> <span class='ocrx_word' id='word_1_26' title='bbox 792 1105 936 1221; x_wconf 83' lang='lat' dir='ltr'>stylus,</span> <span class='ocrx_word' id='word_1_27' title='bbox 960 1105 1066 1193; x_wconf 84' lang='lat' dir='ltr'>frons</span> <span class='ocrx_word' id='word_1_28' title='bbox 1082 1165 1094 1200; x_wconf 88' lang='lat'>,</span> <span class='ocrx_word' id='word_1_29' title='bbox 1110 1107 1241 1200; x_wconf 83' lang='lat' dir='ltr'>facies,</span> <span class='ocrx_word' id='word_1_30' title='bbox 1268 1161 1270 1166; x_wconf 84' lang='lat'><em>.</em></span> 
     </span>
     <span class='ocr_line' id='line_1_7' title="bbox 473 1225 1243 1339; baseline 0 -31"><span class='ocrx_word' id='word_1_31' title='bbox 473 1227 519 1308; x_wconf 86' lang='lat'>&amp;</span> <span class='ocrx_word' id='word_1_32' title='bbox 534 1226 674 1339; x_wconf 72' lang='lat' dir='ltr'>petius</span> <span class='ocrx_word' id='word_1_33' title='bbox 688 1225 950 1309; x_wconf 66' lang='lat' dir='ltr'>caratteribus</span> <span class='ocrx_word' id='word_1_34' title='bbox 963 1243 1153 1319; x_wconf 82' lang='lat' dir='ltr'>exarata,</span> <span class='ocrx_word' id='word_1_35' title='bbox 1181 1243 1243 1308; x_wconf 89' lang='lat' dir='ltr'>to-</span> 
     </span>
     <span class='ocr_line' id='line_1_8' title="bbox 475 1331 1244 1460; baseline -0.003 -36"><span class='ocrx_word' id='word_1_36' title='bbox 475 1343 553 1424; x_wconf 89' lang='lat' dir='ltr'>tius</span> <span class='ocrx_word' id='word_1_37' title='bbox 584 1337 753 1452; x_wconf 90' lang='lat' dir='ltr'>denique</span> <span class='ocrx_word' id='word_1_38' title='bbox 783 1331 917 1452; x_wconf 85' lang='lat' dir='ltr'>figurae</span> <span class='ocrx_word' id='word_1_39' title='bbox 945 1362 1112 1450; x_wconf 89' lang='lat' dir='ltr'>compta</span> <span class='ocrx_word' id='word_1_40' title='bbox 1138 1365 1244 1460; x_wconf 81' lang='lat' dir='ltr'><strong>quae·</strong></span> 
     </span>
     <span class='ocr_line' id='line_1_9' title="bbox 474 1447 1331 1565; baseline -0.009 -25"><span class='ocrx_word' id='word_1_41' title='bbox 474 1455 568 1540; x_wconf 88' lang='lat' dir='ltr'>dam</span> <span class='ocrx_word' id='word_1_42' title='bbox 599 1447 852 1565; x_wconf 74' lang='lat' dir='ltr'>simplicitas,</span> <span class='ocrx_word' id='word_1_43' title='bbox 881 1451 1150 1565; x_wconf 84' lang='lat' dir='ltr'>&amp;elegantia</span> <span class='ocrx_word' id='word_1_44' title='bbox 1178 1453 1244 1537; x_wconf 87' lang='lat' dir='ltr'>de·</span> <span class='ocrx_word' id='word_1_45' title='bbox 1326 1523 1331 1532; x_wconf 89' lang='grc'>.</span> 
     </span>
     <span class='ocr_line' id='line_1_10' title="bbox 472 1567 1243 1682; baseline -0.001 -28"><span class='ocrx_word' id='word_1_46' title='bbox 472 1567 703 1663; x_wconf 82' lang='lat' dir='ltr'>claravere,</span> <span class='ocrx_word' id='word_1_47' title='bbox 728 1595 848 1682; x_wconf 90' lang='lat' dir='ltr'>quam</span> <span class='ocrx_word' id='word_1_48' title='bbox 870 1572 916 1654; x_wconf 89' lang='lat'>&amp;</span> <span class='ocrx_word' id='word_1_49' title='bbox 940 1567 1058 1676; x_wconf 73' lang='lat' dir='ltr'>isidem</span> <span class='ocrx_word' id='word_1_50' title='bbox 1080 1569 1150 1654; x_wconf 91' lang='lat' dir='ltr'>diu</span> <span class='ocrx_word' id='word_1_51' title='bbox 1178 1567 1243 1653; x_wconf 86' lang='lat' dir='ltr'>de·</span> 
     </span>
     <span class='ocr_line' id='line_1_11' title="bbox 473 1681 1244 1796; baseline 0.003 -28"><span class='ocrx_word' id='word_1_52' title='bbox 473 1685 777 1768; x_wconf 81' lang='lat' dir='ltr'>nominaverant</span> <span class='ocrx_word' id='word_1_53' title='bbox 790 1681 893 1767; x_wconf 87' lang='lat' dir='ltr'>illius</span> <span class='ocrx_word' id='word_1_54' title='bbox 909 1687 1036 1794; x_wconf 84' lang='lat' dir='ltr'>gentis</span> <span class='ocrx_word' id='word_1_55' title='bbox 1050 1685 1244 1796; x_wconf 83' lang='lat' dir='ltr'>Antiqua·</span> 
     </span>
     <span class='ocr_line' id='line_1_12' title="bbox 474 1793 1245 1914; baseline 0 -30"><span class='ocrx_word' id='word_1_56' title='bbox 474 1801 554 1884; x_wconf 85' lang='lat' dir='ltr'>rii.</span> <span class='ocrx_word' id='word_1_57' title='bbox 582 1793 885 1914; x_wconf 87' lang='lat' dir='ltr'>Inscriptionem</span> <span class='ocrx_word' id='word_1_58' title='bbox 908 1796 1044 1910; x_wconf 86' lang='lat' dir='ltr'>saepius</span> <span class='ocrx_word' id='word_1_59' title='bbox 1070 1797 1245 1884; x_wconf 78' lang='lat' dir='ltr'>videram</span> 
     </span>
     <span class='ocr_line' id='line_1_13' title="bbox 476 1908 1245 2007; baseline -0.004 -7"><span class='ocrx_word' id='word_1_60' title='bbox 476 1915 588 2000; x_wconf 87' lang='lat' dir='ltr'>annis</span> <span class='ocrx_word' id='word_1_61' title='bbox 603 1914 654 1996; x_wconf 90' lang='lat' dir='ltr'>ab</span> <span class='ocrx_word' id='word_1_62' title='bbox 667 1912 762 1996; x_wconf 88' lang='lat' dir='ltr'>hinc</span> <span class='ocrx_word' id='word_1_63' title='bbox 775 1914 939 2007; x_wconf 87' lang='lat' dir='ltr'>decem,</span> <span class='ocrx_word' id='word_1_64' title='bbox 966 1908 1032 1995; x_wconf 93' lang='lat' dir='ltr'>sed</span> <span class='ocrx_word' id='word_1_65' title='bbox 1045 1938 1126 1996; x_wconf 91' lang='lat' dir='ltr'>non</span> <span class='ocrx_word' id='word_1_66' title='bbox 1141 1908 1245 1997; x_wconf 81' lang='lat' dir='ltr'>hisce</span> 
     </span>
     <span class='ocr_line' id='line_1_14' title="bbox 467 2021 1245 2119; baseline 0 -5"><span class='ocrx_word' id='word_1_67' title='bbox 467 2027 598 2114; x_wconf 84' lang='lat' dir='ltr'>oculis</span> <span class='ocrx_word' id='word_1_68' title='bbox 624 2025 877 2119; x_wconf 68' lang='lat' dir='ltr'>annulorum</span> <span class='ocrx_word' id='word_1_69' title='bbox 904 2029 1030 2111; x_wconf 82' lang='lat' dir='ltr'>aciem</span> <span class='ocrx_word' id='word_1_70' title='bbox 1059 2021 1171 2112; x_wconf 83' lang='lat' dir='ltr'>fimul</span> <span class='ocrx_word' id='word_1_71' title='bbox 1198 2029 1245 2114; x_wconf 73' lang='grc' dir='ltr'>δε</span> 
     </span>
     <span class='ocr_line' id='line_1_15' title="bbox 474 2138 1246 2342; baseline 0 -116"><span class='ocrx_word' id='word_1_72' title='bbox 474 2140 706 2340; x_wconf 53' lang='grc' dir='ltr'>εξιςιὲίτεηάἱ</span> <span class='ocrx_word' id='word_1_73' title='bbox 719 2143 803 2226; x_wconf 83' lang='lat' dir='ltr'>vim</span> <span class='ocrx_word' id='word_1_74' title='bbox 824 2138 1111 2342; x_wconf 52' lang='lat' dir='ltr'>mgistilaeuerat</span> <span class='ocrx_word' id='word_1_75' title='bbox 1123 2141 1246 2226; x_wconf 88' lang='lat' dir='ltr'>Dica-</span> 
     </span>
     <span class='ocr_line' id='line_1_16' title="bbox 473 2275 1247 2344; baseline -0.003 -1"><span class='ocrx_word' id='word_1_76' title='bbox 473 2283 530 2343; x_wconf 84' lang='lat' dir='ltr'>cn</span> <span class='ocrx_word' id='word_1_77' title='bbox 597 2282 702 2340; x_wconf 90' lang='lat' dir='ltr'>mam</span> <span class='ocrx_word' id='word_1_78' title='bbox 730 2276 813 2341; x_wconf 90' lang='lat' dir='ltr'>tam</span> <span class='ocrx_word' id='word_1_79' title='bbox 840 2284 854 2340; x_wconf 91' lang='lat'>1</span> <span class='ocrx_word' id='word_1_80' title='bbox 898 2285 929 2341; x_wconf 86' lang='lat' dir='ltr'>ae</span> <span class='ocrx_word' id='word_1_81' title='bbox 946 2275 1060 2344; x_wconf 87' lang='lat' dir='ltr'>1c1tet</span> <span class='ocrx_word' id='word_1_82' title='bbox 1080 2285 1129 2342; x_wconf 82' lang='lat' dir='ltr'>ca</span> <span class='ocrx_word' id='word_1_83' title='bbox 1160 2276 1247 2341; x_wconf 89' lang='lat' dir='ltr'>tan·</span> 
     </span>
     <span class='ocr_line' id='line_1_17' title="bbox 474 2285 1247 2486; baseline 0.004 -30"><span class='ocrx_word' id='word_1_84' title='bbox 474 2392 561 2456; x_wconf 87' lang='lat' dir='ltr'>tem</span> <span class='ocrx_word' id='word_1_85' title='bbox 597 2371 807 2486; x_wconf 83' lang='lat' dir='ltr'>indignato</span> <span class='ocrx_word' id='word_1_86' title='bbox 843 2368 1026 2485; x_wconf 83' lang='lat' dir='ltr'>praefatus</span> <span class='ocrx_word' id='word_1_87' title='bbox 1063 2285 1247 2460; x_wconf 70' lang='lat' dir='ltr'>Audptor,</span> 
     </span>
     <span class='ocr_line' id='line_1_18' title="bbox 474 2481 1249 2602; baseline -0.003 -28"><span class='ocrx_word' id='word_1_88' title='bbox 474 2487 591 2574; x_wconf 85' lang='lat' dir='ltr'>Hanc</span> <span class='ocrx_word' id='word_1_89' title='bbox 615 2481 913 2602; x_wconf 80' lang='lat' dir='ltr'>inscriptionem</span> <span class='ocrx_word' id='word_1_90' title='bbox 926 2483 1061 2573; x_wconf 84' lang='lat' dir='ltr'>sedulo</span> <span class='ocrx_word' id='word_1_91' title='bbox 1080 2487 1123 2570; x_wconf 92' lang='lat' dir='ltr'>in</span> <span class='ocrx_word' id='word_1_92' title='bbox 1137 2485 1249 2572; x_wconf 86' lang='lat' dir='ltr'>char·</span> 
     </span>
     <span class='ocr_line' id='line_1_19' title="bbox 474 2598 1288 2692; baseline 0.002 -7"><span class='ocrx_word' id='word_1_93' title='bbox 474 2620 560 2685; x_wconf 86' lang='lat' dir='ltr'>tam</span> <span class='ocrx_word' id='word_1_94' title='bbox 583 2599 888 2686; x_wconf 79' lang='lat' dir='ltr'>transferendam</span> <span class='ocrx_word' id='word_1_95' title='bbox 916 2601 1041 2692; x_wconf 84' lang='lat' dir='ltr'>duxi,</span> <span class='ocrx_word' id='word_1_96' title='bbox 1068 2598 1179 2686; x_wconf 80' lang='lat' dir='ltr'>fimul</span> <span class='ocrx_word' id='word_1_97' title='bbox 1202 2605 1249 2687; x_wconf 78' lang='grc' dir='ltr'>δι</span> <span class='ocrx_word' id='word_1_98' title='bbox 1286 2605 1288 2609; x_wconf 72' lang='grc'>’</span> 
     </span>
     <span class='ocr_line' id='line_1_20' title="bbox 476 2712 1249 2826; baseline 0 -26"><span class='ocrx_word' id='word_1_99' title='bbox 476 2712 673 2800; x_wconf 87' lang='lat' dir='ltr'>fimnlacri</span> <span class='ocrx_word' id='word_1_100' title='bbox 715 2717 928 2826; x_wconf 89' lang='lat' dir='ltr'>imaginem</span> <span class='ocrx_word' id='word_1_101' title='bbox 972 2715 1249 2800; x_wconf 86' lang='lat' dir='ltr'>delineandam</span> 
     </span>
    </p>
   </div>
   <div class='ocr_carea' id='block_1_4' title="bbox 473 2826 1460 3490">
    <p class='ocr_par' dir='ltr' id='par_1_5' title="bbox 473 2826 1460 3490">
     <span class='ocr_line' id='line_1_21' title="bbox 477 2826 1399 2946; baseline 0 -32"><span class='ocrx_word' id='word_1_102' title='bbox 477 2827 645 2916; x_wconf 78' lang='lat' dir='ltr'>curavi·</span> <span class='ocrx_word' id='word_1_103' title='bbox 676 2831 745 2914; x_wconf 93' lang='lat' dir='ltr'>Me</span> <span class='ocrx_word' id='word_1_104' title='bbox 770 2831 901 2914; x_wconf 83' lang='lat' dir='ltr'>movit</span> <span class='ocrx_word' id='word_1_105' title='bbox 919 2826 1126 2942; x_wconf 83' lang='lat' dir='ltr'>postquam</span> <span class='ocrx_word' id='word_1_106' title='bbox 1150 2856 1251 2946; x_wconf 85' lang='lat' dir='ltr'>pau·</span> <span class='ocrx_word' id='word_1_107' title='bbox 1396 2836 1399 2842; x_wconf 87' lang='grc'><strong>’</strong></span> 
     </span>
     <span class='ocr_line' id='line_1_22' title="bbox 478 2940 1251 3059; baseline 0.001 -31"><span class='ocrx_word' id='word_1_108' title='bbox 478 2941 607 3029; x_wconf 81' lang='lat' dir='ltr'>lulum</span> <span class='ocrx_word' id='word_1_109' title='bbox 630 2945 671 3026; x_wconf 90' lang='lat' dir='ltr'>in</span> <span class='ocrx_word' id='word_1_110' title='bbox 686 2942 762 3028; x_wconf 84' lang='lat' dir='ltr'>hac</span> <span class='ocrx_word' id='word_1_111' title='bbox 778 2940 1073 3056; x_wconf 79' lang='lat' dir='ltr'>investigatione</span> <span class='ocrx_word' id='word_1_112' title='bbox 1099 2941 1251 3059; x_wconf 81' lang='lat' dir='ltr'>proces·</span> 
     </span>
     <span class='ocr_line' id='line_1_23' title="bbox 473 3055 1251 3173; baseline 0.005 -31"><span class='ocrx_word' id='word_1_113' title='bbox 473 3055 623 3155; x_wconf 80' lang='lat' dir='ltr'>serim,</span> <span class='ocrx_word' id='word_1_114' title='bbox 646 3085 728 3146; x_wconf 92' lang='lat' dir='ltr'>non</span> <span class='ocrx_word' id='word_1_115' title='bbox 742 3055 826 3145; x_wconf 82' lang='lat' dir='ltr'>sola</span> <span class='ocrx_word' id='word_1_116' title='bbox 839 3057 1115 3147; x_wconf 77' lang='lat' dir='ltr'>charaetetum</span> <span class='ocrx_word' id='word_1_117' title='bbox 1128 3058 1251 3173; x_wconf 78' lang='lat' dir='ltr'>inspe·</span> 
     </span>
     <span class='ocr_line' id='line_1_24' title="bbox 478 3171 1460 3290; baseline -0.001 -32"><span class='ocrx_word' id='word_1_118' title='bbox 478 3175 566 3258; x_wconf 66' lang='lat' dir='ltr'>etio</span> <span class='ocrx_word' id='word_1_119' title='bbox 595 3235 607 3268; x_wconf 91' lang='lat'><strong>,</strong></span> <span class='ocrx_word' id='word_1_120' title='bbox 635 3200 733 3286; x_wconf 85' lang='lat' dir='ltr'><strong>quos</strong></span> <span class='ocrx_word' id='word_1_121' title='bbox 761 3177 919 3260; x_wconf 89' lang='lat' dir='ltr'>intento</span> <span class='ocrx_word' id='word_1_122' title='bbox 946 3176 1082 3262; x_wconf 88' lang='lat' dir='ltr'>animo</span> <span class='ocrx_word' id='word_1_123' title='bbox 1110 3171 1250 3289; x_wconf 59' lang='lat' dir='ltr'>&amp;pins</span> <span class='ocrx_word' id='word_1_124' title='bbox 1354 3285 1357 3290; x_wconf 20' lang='grc' dir='ltr'>Ι</span> <span class='ocrx_word' id='word_1_125' title='bbox 1459 3239 1460 3248; x_wconf 28' lang='lat' dir='ltr'>i</span> 
     </span>
     <span class='ocr_line' id='line_1_25' title="bbox 479 3283 1253 3490; baseline -0.003 -112"><span class='ocrx_word' id='word_1_126' title='bbox 479 3283 759 3389; x_wconf 75' lang='lat' dir='ltr'>confidenti,</span> <span class='ocrx_word' id='word_1_127' title='bbox 786 3291 934 3410; x_wconf 83' lang='lat' dir='ltr'>quique</span> <span class='ocrx_word' id='word_1_128' title='bbox 961 3318 1081 3409; x_wconf 82' lang='lat' dir='ltr'>quam</span> <span class='ocrx_word' id='word_1_129' title='bbox 1105 3291 1253 3490; x_wconf 47' lang='lat' dir='ltr'>proxi}</span> 
     </span>
    </p>

    <p class='ocr_par' dir='ltr' id='par_1_6' title="bbox 1187 3431 1229 3490">
     <span class='ocr_line' id='line_1_26' title="bbox 1187 3431 1229 3490; baseline 0 0"><span class='ocrx_word' id='word_1_130' title='bbox 1187 3431 1229 3490; x_wconf 84' lang='lat' dir='ltr'>m</span> 
     </span>
    </p>
   </div>
   <div class='ocr_carea' id='block_1_5' title="bbox 0 0 1479 4492">
    <p class='ocr_par' dir='ltr' id='par_1_7' title="bbox 0 0 1479 4492">
     <span class='ocr_line' id='line_1_27' title="bbox 0 0 1479 4492; baseline 0 0"><span class='ocrx_word' id='word_1_131' title='bbox 0 0 1479 4492; x_wconf 95' lang='lat' dir='ltr'> </span> 
     </span>
    </p>
   </div>
  </div>
 </body>
</html>
