2942 4492
494 519 552 608 34
633 515 721 576 wnr
749 488 1141 572 Inscurrrmun

494 615 622 732 ginta,
637 604 700 693 vel
716 599 961 720 septuaginta
977 596 1112 689 mille,
1136 623 1273 684 nume.

498 755 619 818 ium,
645 721 695 806 ad
721 745 839 836 quem
855 715 1062 831 peruenire
1083 715 1274 804 dicuntur

498 840 623 953 aliqui
636 842 718 948 ejus
735 835 861 950 gentis
878 833 1095 922 DoCtores.
1111 827 1166 912 Hi
1179 859 1277 916 cum

498 959 585 1048 aliis
601 949 728 1038 forsan
744 945 1008 1035 inveniendis,
1022 945 1153 1032 adhuc
1167 949 1276 1032 enini

499 1073 581 1164 levi
596 1063 686 1152 satis
702 1062 889 1154 industria
914 1065 957 1146 in
979 1060 1084 1146 hanc
1109 1090 1195 1150 iem
1216 1063 1278 1144 in-

501 1181 671 1302 quisivi,
698 1208 818 1266 omne
833 1177 933 1276 mihi
947 1176 1114 1264 dubium
1136 1178 1279 1262 eximit

499 1303 551 1390 de
573 1321 690 1395 ortu,
720 1298 765 1380 &
789 1297 921 1408 patria
943 1315 1028 1382 tam
1051 1288 1172 1378 inseri
1204 1293 1281 1376 tio-

501 1421 590 1507 nis,
618 1442 738 1528 quam
752 1319 1208 1496 fimulacriTaurinenss
1222 1467 1234 1504 ·,

545 1531 631 1640 Qui
646 1557 741 1613 vero
758 1523 1020 1610 Simulacrum
1034 1521 1115 1606 hoc
1129 1516 1298 1606 Sinense'

502 1643 666 1750 forsitan
681 1641 754 1730 elle
769 1639 939 1764 volunt,
967 1637 1045 1722 illis
1059 1634 1281 1748 ‘sculpturae

503 1760 678 1876 stylum,
704 1755 846 1871 siquid
868 1753 998 1840 dehis
1021 1755 1135 1835 rebus
1158 1779 1282 1836 nove·

505 1881 619 1968 rint,
648 1887 977 1974 ornamentorum
1006 1891 1155 1976 genus,
1182 1892 1284 1949 ocu-

505 1993 641 2078 lorum
654 1984 768 2072 situm
784 1987 950 2070 redium,
961 2009 1043 2066 non
1059 1976 1285 2090 obliquum,

506 2105 641 2194 uultus
663 2103 834 2213 denique
855 2099 980 2182 totius
1007 2094 1284 2180 characterem

509 2216 766 2336 pensitanda,
794 2218 839 2300 ὅ(
860 2212 1141 2327 perpendenda
1163 2207 1284 2295 relin-

509 2365 593 2450 quo
609 2389 618 2409 ·
646 2335 685 2418 Si
700 2332 784 2417 haec
803 2387 813 2420 ‚
829 2349 876 2414 ut
890 2323 1010 2414 fidem
1025 2323 1208 2444 praeslent
1222 2353 1285 2409 ve·

509 2452 620 2540 ritati
636 2477 715 2534 non
731 2443 927 2534 sufficiant
937 2500 953 2536 γ,
978 2445 1161 2527 noverint
1183 2436 1247 2524 ins
1267 2486 1285 2505 ·

512 2595 586 2682 pet
611 2564 844 2649 Idolatriam
873 2559 979 2672 apud
994 2555 1163 2641 Sinenses
1185 2553 1285 2639 mul-

421 2690 424 2698 ’
515 2686 567 2769 tis
600 2675 746 2764 saeculis
790 2671 1047 2787 posteriorem
1083 2677 1194 2757 certo
1232 2665 1286 2753 es-

513 2793 553 2882 se
575 2795 653 2879 hoc
668 2791 812 2876 Idolo·
841 2785 1004 2901 Religio
1027 2790 1134 2870 enim
1159 2786 1290 2898 numi-v

513 2913 575 2998 nis
606 2903 688 2992 falfi
717 2910 808 2998 Fo‚
852 2897 1004 2988 nonnisi
1030 2902 1154 3014 longo
1199 2894 1286 3014 post

514 3021 717 3110 Christum
733 3042 868 3107 natum
884 3041 1090 3132 tempore,
1122 3012 1211 3132 ipsis
1226 3013 1285 3096 hi·

516 3140 669 3228 storicis
685 3137 788 3223 illius
803 3139 930 3251 gentis
944 3135 1124 3219 omnibus
1145 3127 1287 3214 testan-

516 3261 650 3353 tibus,
675 3281 823 3346 novem
838 3253 946 3340 circa
960 3251 1119 3340 circiter
1133 3307 1146 3346 ,
1161 3240 1287 3444 nillil·
1350 3321 1353 3332 .

1082 3455 1084 3459 .
1221 3387 1288 3452 01',
