2942 4492
335 502 844 592 AEcrrrrrcrErrsu·
932 527 986 610 3⁷

217 621 338 710 modo
353 651 413 708 res
431 649 510 706 non
524 619 661 708 animis
680 614 830 708 solum,
862 613 985 704 sed&

213 737 336 824 oculis
366 735 623 831 obversatur,
653 735 723 818 iux
750 729 904 844 majori
922 761 992 818 ra*

209 853 367 938 diorum
382 851 557 967 undique
571 845 765 937 concursu
780 848 983 936 emanabit

209 968 380 1054 fortior·
500 1065 501 1070 Ν

238 1155 242 1162 .
268 1084 390 1170 Aliud
411 1082 544 1176 mihi,
569 1086 617 1165 in·
641 1101 812 1169 mentem
840 1079 983 1165 incidit
1068 1170 1070 1175 ,

209 1195 457 1314 propofitum
472 1197 586 1309 hujus
602 1197 808 1309 aliquanto
823 1193 953 1307 dispar
967 1255 984 1289 ,.

210 1317 367 1429 longius
379 1310 581 1397 extensum
598 1368 610 1400 ‚
643 1314 766 1422 magis
782 1307 904 1398 utile,
920 1303 984 1393 sed

209 1429 260 1514 ad
276 1429 382 1514 idem
407 1422 513 1537 quafi
535 1426 740 1512 recidens·
770 1422 985 1509 Characie-

209 1572 270 1629 res
286 1548 385 1657 pend
401 1545 625 1627 innumeros
636 1540 815 1654 quotidie
826 1539 985 1623 hicRo·

211 1686 287 1744 mae
312 1658 472 1740 invenio
492 1659 640 1742 mixtos
663 1653 776 1767 fignis
802 1652 985 1771 symboli-

210 1777 295 1868 cis,
324 1773 368 1854 ὃ(
383 1770 569 1884 undecim
583 1769 776 1854 Obeliscis
791 1767 985 1883 inscriptis

209 1895 292 1998 jam
308 1890 453 1972 Romae
467 1885 717 1980 extantibus,
746 1883 925 1968 humanis
940 1877 988 1966 fi·

208 2003 315 2114 guris
345 2058 357 2092 ‚
388 1998 618 2114 sphingibus
648 2056 660 2090 ‚
690 1999 869 2089 leonibus
899 2061 912 2095 ,
940 2000 987 2082 δι

209 2123 294 2202 aliis
310 2115 442 2201 statuis
469 2136 682 2202 exaratos.
714 2113 873 2201 Horum
898 2144 987 2202 mo-

210 2255 493 2316 numentorum
513 2233 696 2343 quaedam
716 2231 869 2341 publici
888 2231 989 2341 juria

211 2343 328 2442 sunt,
358 2346 433 2428 alia
457 2346 507 2428 ad
523 2343 676 2430 nobiles
697 2341 808 2430 simul
833 2349 876 2430 δι
901 2347 989 2458 pti·-

211 2480 325 2546 uatos
342 2459 490 2543 multos
517 2461 731 2569 pertinent,
747 2455 811 2542 sed
835 2461 987 2544 adom-

208 2579 277 2657 nia
291 2571 348 2658 sat
374 2570 497 2657 facisis
513 2571 568 2655 est
581 2569 745 2657 accessus
756 2591 770 2646 ·'
781 2567 986 2676 obeliscus

209 2693 430 2784 maximus,
459 2691 528 2801 qui
551 2714 659 2772 nunc
680 2691 786 2797 jacet
814 2683 1010 2798 prostrat-⁶

212 2826 286 2893 tus,
306 2801 601 2899 &consentium
615 2800 716 2888 olim
730 2829 827 2887 vero
842 2803 894 2886 ab
902 2805 986 2888 Au·

203 2916 322 3034 gusto
337 2923 486 3002 erec⁰tus
501 2918 629 3004 fuerat
643 2919 687 2999 in
701 2920 859 3030 Campo
872 2921 983 3006 Mar-¹

207 3037 296 3124 tio,
328 3037 604 3119 uthomonis
627 3034 732 3116 vices
754 3056 888 3143 ageret
909 3033 983 3118 ho-

209 3151 374 3261 rologio.
384 3147 698 3263 circumscriptus
721 3141 864 3237 solari,
894 3177 982 3242 om·¹

204 3262 661 3381 manutenuimus,
691 3266 736 3348 δι
763 3259 979 3352 Sesosttidis

607 3377 701 3491 03
908 3377 1168 3466 csse*
