2942 4492
334 457 641 562 AEurrurrct
670 476 835 558 Error.
922 485 980 586 63

201 591 284 682 fiiis
314 617 449 674 errrore
463 591 522 676 vin
538 589 711 678 humana
727 585 907 704 potuerit
921 584 981 672 sa·

202 710 254 792 tis
267 709 606 817 jam'experientia
620 707 825 793 innotuit,
850 705 895 790 &
908 705 980 813 qui

202 820 268 937 spe
283 822 390 906 inani
405 815 523 905 delulr
537 828 620 934 jam
636 819 705 907 hns
733 822 851 906 resin
873 817 981 904 huuc

202 934 360 1022 malum·
399 929 518 1020 finem
557 934 748 1024 scrutinio
787 931 983 1046 subjecere

204 1057 297 1150 a'cus
339 1048 426 1134 leve
462 1071 605 1142 contra
643 1055 824 1140 triticum
857 1075 983 1164 appa-

210 1166 322 1258 renti
351 1162 456 1272 mole
480 1164 667 1279 deceptos
694 1166 731 1250 ie
753 1159 983 1278 ponderalle

208 1282 366 1394 experti
397 1274 515 1364 lunt.
545 1282 593 1364 Et
621 1303 756 1370 tamen
784 1280 854 1370 hi,
883 1303 985 1389 quot
1093 1301 1096 1311 ’

141 1473 143 1477 .
206 1393 334 1478 altera
361 1397 616 1506 generatione
645 1403 728 1508 jam
754 1389 887 1510 elapsa
912 1388 992 1478 libi.

208 1510 431 1592 contrarios
459 1510 498 1592 in
528 1510 604 1602 hac
630 1518 676 1596 r'e
706 1511 875 1597 habebat
897 1507 983 1618 reli·

207 1622 307 1735 ligio
333 1641 366 1715 ,’
394 1627 536 1736 majori
571 1627 716 1711 robore
754 1628 985 1734 virtuteque

207 1733 445 1856 pollebant,
477 1767 597 1850 quam
614 1740 751 1830 decem
768 1737 985 1824 sciolorum

207 1853 319 1936 unita
340 1854 426 1946 vis,
452 1857 521 1968 qui
536 1881 640 1967 nunc
656 1851 801 1941 solutos
816 1874 987 1967 captant

207 1969 311 2053 inter
335 1971 521 2054 convivia
534 1967 648 2062 risus,
663 1971 795 2082 quales
815 1969 987 2080 degener

207 2081 288 2168 hoc
318 2085 490 2195 parturit
505 2080 686 2172 saeculum
701 2147 713 2180 ,
729 2087 902 2172 dicteriis
932 2085 984 2170 ab

208 2224 281 2282 ore
315 2195 366 2278 ad
403 2225 450 2284 os
486 2197 777 2288 transeuntibus
809 2197 985 2293 leuiter,

208 2336 320 2398 non·
349 2328 395 2392 ut
408 2311 532 2407 olim,
560 2309 719 2399 scientia
734 2308 898 2399 firmiter
928 2341 988 2398 ar-

212 2444 344 2518 matos
377 2484 386 2502 .
417 2426 488 2512 His
516 2427 635 2509 irritis
672 2425 984 2513 adversariorum

208 2535 443 2635 conatibus,
471 2542 541 2652 qui
555 2536 641 2625 latis
656 2569 740 2628 rem
756 2568 829 2653 per
844 2536 880 2624 se
894 2569 985 2654 pro-

208 2655 307 2738 bant
321 2654 508 2746 „accedit
531 2676 807 2766 argumentum
819 2683 870 2740 ex
886 2653 988 2768 phy-

208 2763 285 2854 fica
308 2763 556 2885 desumptum
578 2769 665 2860 latis
682 2772 905 2885 palpabile,
936 2789 982 2854 ut

212 2881 311 2968 mihi
340 2883 497 2976 videtur
526 2889 571 2974 &
606 2883 983 2972 demonstrativum.

211 2995 414 3109 Tempore
430 2999 555 3110 Myris
574 3003 735 3115 AEgypti
752 3002 872 3110 Regis
888 2993 989 3084 suffi-
1035 3075 1041 3088 .

212 3112 344 3206 ciebat
376 3111 551 3202 altitudo
579 3116 805 3228 quindecim
833 3115 985 3198 cubito-

214 3254 330 3326 rum,
359 3228 679 3328 utinundantur
705 3261 730 3321 a
754 3229 854 3322 Nilo
877 3230 991 3340 AEgya
1030 3315 1032 3319 ,

869 3363 990 3460 ptus,
1023 3453 1026 3460 ,
