2942 4492
505 535 559 636 3⁶
672 547 729 606 nn
756 521 1144 607 Inscmuonn

504 642 564 756 gis
578 633 1281 725 adhucelucidandamexortaestfir-

506 784 574 842 ma
588 749 806 870 persuafim
837 753 947 866 qu'od
961 753 1205 840 charasteres
1219 757 1283 835 AE·

503 873 737 986 gyptiorum
751 869 931 980 antiqui,
954 873 1022 981 qui
1036 871 1147 956 rebus
1161 865 1283 954 astro-

504 985 676 1071 nomicis
691 977 949 1071 inservierunt
964 1045 976 1080 ,
992 981 1202 1097 qualesque
1217 979 1283 1067 sae-

505 1127 559 1216 pe
575 1096 787 1193 amuletis,
809 1099 854 1182 &
875 1095 1008 1213 figillis
1025 1103 1153 1184 omnis
1169 1126 1282 1209 gene-

504 1218 558 1300 ris
574 1213 641 1298 hic
657 1215 800 1299 Romae
823 1217 1077 1300 inveniuntur
1098 1216 1279 1305 exarati,

504 1329 635 1416 adhue
651 1332 692 1412 in
709 1327 778 1413 usu
793 1331 900 1445 apud
914 1326 1084 1415 Sinenses
1109 1330 1281 1415 inveniti

505 1447 713 1560 poterint·
745 1447 903 1530 Horum
919 1443 1002 1529 usus
1025 1448 1175 1560 quippe
1198 1471 1282 1525 ma-

535 1563 565 1643 is
579 1557 722 1643 stabilis
737 1557 816 1654 est,
846 1560 891 1643 &
912 1563 1130 1645 mutationi
1154 1562 1281 1644 minus

503 1592 706 1768 ssbditus,
736 1675 1013 1762 cumadoffis
1037 1673 1279 1760 transmitta-

505 1812 573 1875 tur
599 1790 650 1874 ad
674 1789 843 1881 ἀοέὶοε,
875 1819 1045 1901 quorum
1071 1794 1280 1874 accuratio

500 1911 637 2017 'major
662 1901 739 1997 est,
763 1931 883 2014 quam
899 1901 969 1984 iila
983 1901 1280 1998 multitudinis,

506 2049 580 2108 nec
611 2014 762 2132 populo
785 2015 827 2101 hi
851 2014 983 2102 [eleeti
1006 2016 1280 2132 chawnes,

506 2126 770 2217 &scientifici
785 2129 999 2220 inserviunt
1013 2131 1282 2247 integro.His
1332 2227 1338 2240 ,

507 2243 672 2333 confisus
695 2267 774 2330 tres
802 2246 1045 2334 charaeteres
1071 2251 1282 2363 AEgyptio-

505 2391 598 2448 rum
627 2361 809 2475 antiquos
833 2364 946 2448 rebus
969 2363 1217 2450 inservientes
1242 2395 1281 2448 a·

506 2475 780 2573 stronomicis,
810 2482 877 2592 qui
892 2475 967 2563 soli·
979 2479 1109 2564 adhuc
1117 2480 1223 2565 'mihi
1239 2481 1280 2562 in

506 2623 643 2680 manus
658 2594 908 2684 inciderunt,
938 2596 1072 2706 primo
1096 2588 1203 2705 quast
1227 2596 1280 2675 in·

508 2713 616 2793 tuitu
639 2736 731 2790 cum
755 2709 805 2788 R.
829 2707 871 2786 P.
891 2708 1075 2820 Jacquier
1104 2712 1146 2791 in
1175 2707 1281 2794 libro

359 2817 365 2843 '
506 2818 649 2908 Sin'enfi
666 2817 957 2911 astronomicm
988 2825 1057 2935 qui
1078 2821 1121 2906 in
1135 2823 1281 2908 Biblio-

506 2935 626 3022 theca
663 2933 838 3047 Gollegii
873 2936 1143 3053 Propagandae
1158 2937 1281 3023 'Fidei

506 3053 573 3138 hic
593 3053 736 3137 Rornae
765 3051 967 3146 servatur,
984 3055 1156 3142 ¹inveni,
1182 3047 1282 3162 qui>-

509 3193 599 3254 rum
615 3166 696 3252 duo
712 3194 833 3283 quam
856 3161 1068 3264 fimillimi,
1095 3166 1195 3251 alter
1215 3193 1281 3282 pe·

510 3277 560 3368 ὴὲ
584 3277 715 3373 [imilis
741 3283 935 3371 extitere·
968 3287 1076 3374 Dum
1094 3277 1147 3370 fic
1169 3283 1281 3482 omgi

689 3441 692 3446 ·
1162 3425 1230 3485 mo
1262 3425 1287 3482 ο
