2942 4492
454 502 511 576 40
597 471 1078 556 nuluscmrroua

456 585 719 672 numerandus
727 582 788 669 ‘est
801 581 1006 671 Obeliscus
1022 641 1034 678 ,
1052 587 1121 697 qui
1136 605 1232 674 tem,

459 703 559 818 plo,
583 699 694 814 quod
708 699 1072 796 Pantheoudicitur,
1094 700 1232 794 adstat,

493 847 582 904 uem
609 819 755 901 eraclo
783 845 863 902 non
891 812 1019 900 adhuc
1047 843 1123 928 ego
1152 803 1233 931 i'pse

352 961 359 978 ·
459 849 607 1042 subjeci
628 933 832 1024 examini,
861 929 924 1018 sed
951 956 1031 1014 non
1047 935 1142 1016 raris
1173 937 1234 1016 in·

462 1045 583 1132 scribi
612 1047 969 1132 characteribus&
999 1049 1136 1160 paucis
1165 1046 1235 1132 ad·
1272 1055 1276 1061 '
1344 1135 1350 1146 ,

460 1162 629 1249 modum
664 1159 682 1246 s
706 1161 848 1246 mbolis
878 1161 929 1246 ab
956 1157 1040 1246 aliis
1069 1154 1147 1245 fide
1175 1163 1237 1248 di·

462 1271 649 1394 gnissimis
665 1191 789 1361 ‹sidici
806 1333 816 1351 ·

519 1395 624 1478 Hinc
652 1387 740 1476 satis
778 1388 896 1476 facile
911 1419 1016 1505 ,mea
1046 1394 1236 1504 opinione

461 1506 694 1618 colligitur,
724 1505 834 1617 quod
848 1507 893 1589 δι
907 1526 1056 1592 naturae
1070 1511 1129 1595 rei
1144 1536 1238 1594 con·

460 1624 595 1719 venit,
623 1621 850 1734 antiquiora
877 1618 981 1706 illius
1008 1626 1137 1736 gentis
1152 1651 1237 1708 mo-

460 1758 651 1821 numenta
666 1733 844 1834 nullos,
866 1735 930 1826 vel
958 1765 1058 1850 pene
1080 1735 1239 1833 nullos,

460 1849 598 1940 ficum
621 1850 809 1965 symbolis
837 1867 1141 1962 comparentur,
1170 1879 1240 1935 ex-

460 1967 599 2054 hibere
641 1966 885 2048 characteres
926 2020 938 2053 ,
1013 1966 1092 2046 uris
1139 1993 1239 2051 vero

461 2077 569 2196 quasi
609 2073 786 2163 constare
828 2073 943 2192 signis
982 1990 1238 2190 symbolicis;

462 2196 664 2309 quoniam·
680 2195 791 2305 enim
809 2188 916 2277 sensu
931 2212 1048 2278 antea
1075 2193 1239 2307 quilque

463 2337 585 2424 quam
609 2330 744 2394 mente
768 2309 921 2405 utitur,
950 2311 1125 2424 primum
1140 2312 1255 2394 Scri·¹

398 2464 400 2469 ·
463 2444 594 2538 pturae
621 2451 784 2536 genus,
822 2445 869 2508 ut
900 2426 945 2508 ὅ(
975 2451 1101 2537 nuper
1131 2425 1259 2536 apud,
1299 2499 1303 2507 .

468 2539 701 2626 Mexicanos
731 2541 972 2629 invenimus,
993 2536 1243 2629 simbolicum

500 2653 587 2740 lane
619 2675 747 2747 erat,
783 2656 828 2736 δι
856 2657 1022 2764 picture
1059 2654 1242 2767 quedam

466 2684 641 2881 species·
673 2765 763 2851 Hoc
780 2763 1035 2877 smplicitati
1060 2771 1243 2882 priorum

467 2907 698 2996 temporum
727 2875 785 2966 sat
813 2882 1117 2974 conveniebat,
1161 2884 1242 2972 hoc

468 2997 514 3080 δε
541 2994 761 3083 intellesstui
775 2996 950 3084 humano
964 2997 1007 3080 in
1022 2999 1243 3086 materiales

464 3113 574 3227 prius
587 3113 631 3198 ὅ(
645 3108 832 3198 sensibiles
862 3113 967 3200 ideas
990 3097 1212 3227 erumpenti
1225 3174 1253 3211 ,.

466 3231 509 3313 in
524 3257 647 3344 quas,
675 3221 901 3322 laniones
916 3229 1104 3346 quidam,
1122 3230 1241 3430 misi
