2942 4492
276 514 278 520 ’
337 511 843 598 AEountuctEmsu.
925 533 978 620 33

165 703 170 716 ,
210 619 584 741 queiImilitudinem
598 621 797 712 referunt·
826 623 977 710 Consu·-

209 743 315 829 lendi
335 737 432 826 sunt
450 767 587 826 omnes
602 738 774 825 Obelisci
795 735 913 825 inseri
945 743 980 824 ti
1062 780 1065 785 ·

210 858 353 942 Romae
367 916 380 953 ,
395 854 481 939 duae
495 851 673 968 sphinges
688 855 793 942 villae
809 770 943 968 Burgi
962 902 981 926 -

207 967 318 1058 finnae
334 974 375 1054 in
387 999 477 1054 area
490 973 631 1056 domus
646 967 872 1083 posteriori,
890 970 980 1054 duae

208 1088 351 1171 Statuae
361 1075 606 1200 'AEgyptiacae
629 1087 670 1169 in
692 1086 786 1170 villa
804 1082 980 1175 Albani,

208 1201 253 1282 &
267 1199 344 1285 alin
359 1222 643 1290 monumenta,
673 1221 720 1284 ut
734 1198 818 1282 haec
834 1201 982 1283 veritas

209 1313 601 1402 oculisinnotcscat.
977 1335 980 1342 ·

265 1433 453 1538 Qatuor
468 1457 562 1514 vcro
576 1433 656 1537 jam
673 1426 857 1514 inveniffc
881 1455 983 1540 prae-

211 1566 274 1630 ter
290 1544 372 1626 duo
395 1537 502 1655 signa
523 1539 740 1654 symbolica
764 1571 815 1630 ex
837 1547 983 1657 viginti

212 1685 360 1743 novem
388 1655 638 1742 solummodo
661 1656 983 1756 characteribus,

212 1773 352 1886 quibus
373 1769 526 1854 constat
549 1767 789 1884 Inscriptio,
818 1767 847 1854 fi
876 1801 986 1856 com-

211 1887 339 1972 binati
364 1889 639 2001 accipiantur,
666 1891 742 1984 (ut
764 1887 986 1971 combinari

210 2001 357 2087 debent
384 2000 508 2117 aliqui
531 2000 581 2084 ad
608 2000 806 2093 modum,
836 2005 917 2112 quo
942 1997 986 2086 fi·

212 2117 364 2202 militer
384 2116 665 2202 combinantur
687 2119 729 2198 in
744 2116 985 2202 dictionario

214 2233 375 2333 Sinico)
400 2230 463 2316 vel
484 2257 534 2314 ex
548 2233 714 2340 triginta
727 2231 881 2315 duobus
896 2227 985 2314 stm-

213 2345 382 2458 plicibus
414 2399 426 2433 ‚
468 2340 495 2427 st
522 2341 730 2454 separatim
757 2342 984 2442 sumantur,

217 2461 303 2568 quis
325 2459 514 2571 expeciet
529 2455 591 2551 ,ss
620 2453 836 2540 confideret
863 2462 987 2542 ratio·

216 2601 335 2661 nem,
365 2599 485 2682 quom
509 2600 592 2686 prae
614 2567 652 2653 se
671 2568 801 2654 serunt
823 2574 986 2682 triginta

216 2687 266 2770 od
280 2689 444 2800 triginta
459 2682 617 2770 forfitan
634 2685 740 2770 mille
755 2705 771 2772 ?
787 2689 875 2772 Nec
890 2717 987 2800 pau-

210 2804 343 2884 vciores
371 2829 536 2886 numero
567 2801 727 2886 credam
751 2801 859 2888 fuiffe
894 2801 988 2886 cha.

164 3005 167 3010 ,
189 2983 191 2990 ,
216 2919 386 3000 cauteres
412 2918 517 3030 apud
541 2917 747 3030 AEgyptios
778 2918 900 3006 olim,
928 2919 988 3004 in-

217 3028 474 3116 commodum
488 3032 598 3145 quod
612 3030 829 3143 Alphabeti
853 3033 989 3117 inven-

217 3147 369 3230 tionem
397 3150 558 3259 genuit‚
589 3174 680 3231 cum
717 3141 879 3232 Sinenfis
909 3145 987 3230 lin.

220 3286 297 3377 gua
324 3265 408 3371 jam
438 3264 645 3364 continere
672 3255 857 3349 offeratur
881 3257 989 3356 sexu-

612 3377 648 3460 C
899 3378 986 3491 gin.
1056 3441 1058 3446 .
