2942 4492
363 513 679 594 AEcrurruen
706 505 866 588 Enrsr.
930 528 1018 611 -43

245 632 287 714 in
312 624 408 712 uilla
445 623 618 715 Albani,
647 619 712 711 sel
740 647 858 712 meo,
887 615 951 702 vel
973 645 1016 702 a·

244 745 440 828 micorum
471 767 656 826 meorum
688 737 826 822 labore
855 754 1020 819 centum

245 861 354 944 circa
394 859 557 942 circiter
587 854 829 940 chatenet
898 846 1023 932 torni-

243 971 332 1060 scue
359 968 436 1055 fine
465 972 550 1057 ullo
584 970 726 1056 ordine
764 876 1024 1075 tranlriptor
1108 1043 1116 1071 ⁸

243 1090 457 1203 Interpreti
486 1081 631 1189 Siuenst
645 1079 927 1172 examinandos
942 1098 1024 1164 tta·

245 1202 358 1288 didi·
389 1207 447 1288 Ex
469 1201 529 1288 his
555 1199 722 1287 sedecim
748 1197 827 1282 levi
856 1190 943 1276 latis
965 1191 1023 1278 lu·

245 1319 344 1403 bore
366 1319 548 1402 inventos
564 1381 576 1413 ,
605 1317 718 1400 breui
734 1309 924 1422 temporis
940 1302 1024 1422 lpu-

248 1435 310 1516 tio
325 1429 462 1516 retulit
491 1460 584 1518 cum
607 1427 672 1516 lue
686 1451 881 1540 quemque
908 1417 1026 1532 ligni·

247 1539 476 1643 flectione,
513 1569 658 1659 praeter
695 1543 785 1630 illos
820 1557 1023 1653 quatuor,

247 1688 349 1774 quos
371 1667 450 1770 jour
472 1665 771 1754 inveneramus,
800 1659 869 1769 qui
893 1654 936 1740 δι
960 1654 1027 1736 In·

248 1773 473 1891 scriptionis
509 1767 755 1860 Taurinenfis
787 1769 937 1857 fuere,
980 1765 1027 1850 &

99 1981 110 1998 ,
244 1891 298 1977 ab
327 1891 512 1978 omnibus
541 1889 623 1976 fere
648 1887 736 1973 aliis
758 1883 871 1996 hujus
900 1883 1027 1996 gentis

246 2011 515 2092 monumentis
545 2006 682 2092 referri
704 2003 909 2090 dixeram.
939 1994 1027 2080 Ho-

246 2151 337 2206 mm
360 2123 523 2235 plurimi
550 2117 728 2208 fimiliter
741 2115 945 2214 multoties
961 2140 1025 2198 re·
1127 2177 1141 2204 ,

248 2257 444 2350 petuntur
467 2243 614 2352 ubique
635 2233 749 2348 super
773 2233 913 2326 endem
943 2255 1031 2312 mo·

250 2373 467 2442 numento,
497 2357 540 2437 ὃ(
557 2345 779 2466 significant
800 2347 941 2434 Mons,
969 2345 1030 2436 ‹le-

250 2495 328 2550 cem
344 2469 566 2577 ,vetustam
595 2495 692 2581 aqua
706 2522 719 2555 ‚
735 2465 832 2547 humo
848 2523 859 2556 ,
873 2461 996 2551 oculus
1014 2509 1027 2546 2

248 2609 315 2678 os,
339 2583 490 2672 clavis,
506 2583 670 2696 subtus,
694 2577 838 2693 Regina
852 2581 927 2671 &o

306 2699 347 2782 si
376 2697 495 2782 nullis
525 2700 678 2809 igitur,
708 2695 772 2780 uel
796 2691 934 2805 paucis
959 2686 1028 2772 sd·

250 2815 418 2898 modum
441 2810 556 2927 super
580 2831 841 2898 monumenta
856 2805 1027 2920 Egypti‚

248 2953 341 3038 quae
355 2929 500 3014 Romae
529 2947 698 3020 extant,
728 2921 842 3040 fignis
872 2921 1032 3035 lymbo-

249 3039 338 3128 licis
368 3043 412 3126 hi
436 3044 684 3133 charaueres
714 3037 947 3155 exquirendi
970 3039 1033 3122 in-

180 3161 185 3167 ’
252 3161 418 3246 tertexti
445 3160 590 3258 effert,
620 3147 745 3247 facilis
761 3153 857 3245 effet
870 3153 1033 3240 illorum

251 3273 530 3394 interpretum
546 3271 566 3360 ζ
587 3276 770 3394 Experiri
785 3278 919 3388 itaque
931 3293 1031 3468 [ff

351 3444 357 3464 .
950 3388 958 3404 '
1012 3394 1030 3458 t
