2942 4492
469 527 521 627 ςό
606 541 666 616 nr
693 515 1087 598 Iuscnrnrrortr

464 659 545 743 que
572 625 712 723 sensu,
741 628 787 710 δε
815 627 1130 724 characteribus,
1158 623 1241 716 suro

467 746 546 834 fine
561 745 914 828 combinatione&
928 764 1093 827 accentu
1109 745 1238 829 verie-
1295 764 1298 770 ·

471 866 533 946 ri.
562 857 633 940 His
649 854 1022 943 considerationibus
1047 857 1141 956 addi
1163 883 1240 968 po-

471 972 697 1086 terit,quod
714 975 856 1082 linguae
869 974 1093 1084 primitivae,
1103 999 1243 1083 quam·

472 1093 531 1177 uis
546 1087 731 1177 diversor,
760 1089 888 1170 minus
909 1108 1042 1186 tomen
1056 1087 1107 1170 ab
1121 1086 1242 1198 origi-

472 1233 524 1302 ne
560 1204 765 1287 communi
794 1221 957 1286 remotae
986 1198 1241 1314 simpliciores

475 1316 623 1404 suerint
636 1345 755 1428 quom
770 1313 912 1427 singuae
928 1316 1244 1410 recentiores‚&
1271 1425 1277 1436 Ι
1379 1329 1382 1338 ’

478 1435 606 1543 magis
620 1427 690 1516 srbi
707 1433 876 1515 invicem
890 1425 1030 1514 similes
1047 1486 1057 1506 .

532 1547 620 1656 Jam
646 1573 741 1631 vero
770 1546 970 1656 Scriptura
1007 1543 1084 1630 hac
1112 1545 1249 1631 chare·
1299 1614 1302 1618 .

476 1656 708 1755 (teristro,
751 1661 796 1744 δε
831 1685 906 1772 per
931 1655 1248 1772 consequentiam

478 1776 647 1860 omnino
673 1772 866 1860 directam
897 1773 1046 1858 artibus
1072 1769 1251 1859 similiter

482 1891 527 1973 δι
541 1886 734 1978 scientiis,
764 1916 850 1998 quae
866 1884 1096 1998 posteriores
1111 1891 1250 1999 utique
1308 1925 1310 1930 ¹

480 2035 505 2090 e
522 1999 714 2089 scribendi
727 2021 811 2110 arte
840 1999 1090 2114 dependent,
1106 2002 1158 2086 ab
1171 2029 1252 2086 uno

479 2137 598 2232 gente
625 2116 674 2199 ad
704 2113 870 2223 alteram
897 2114 1116 2210 derivatis,
1152 2116 1252 2229 quid

481 2230 623 2316 exinde
661 2227 809 2314 diredie
845 2226 981 2314 inserri
1014 2229 1166 2344 poterit
1191 2229 1253 2315 sa-

477 2347 559 2452 ·cile
572 2348 657 2458 quis
685 2343 749 2430 vel
778 2346 939 2430 minime
968 2345 1148 2430 oculatus
1164 2373 1254 2458 per-

482 2463 609 2572 cipiet
638 2523 648 2541 .
678 2456 919 2568 jamdudum
939 2461 1152 2574 „AEgyptios
1179 2463 1255 2576 pri·

483 2604 569 2662 mos
592 2576 843 2661 interomnes
872 2573 1049 2659 homines
1076 2577 1256 2670 artium,

486 2693 532 2773 δε
569 2685 834 2773 scientiarum
855 2690 1080 2774 inventores
1120 2689 1256 2776 dixere

487 2821 664 2892 veteres,
693 2827 766 2886 nec
791 2797 943 2902 difficili
956 2800 1093 2889 labore
1107 2809 1255 2896 omnis,

488 2945 584 3030 quae·
598 2915 649 3000 ad
677 2917 874 3029 Europam
904 2911 1015 3001 simul
1043 2974 1055 3009 ,
1085 2921 1131 3002 &
1158 2915 1259 3006 Asine

489 3058 675 3143 magnam
690 3051 844 3145 partem
858 3027 1041 3124 scientia,
1070 3034 1115 3118 δι
1128 3061 1260 3118 rerum

491 3148 676 3258 cognitio
695 3147 896 3236 manavit,
919 3145 1062 3234 adhoc
1077 3175 1262 3234 centrum

490 3261 620 3378 redigi
631 3261 813 3378 poterit;
840 3260 971 3375 agitur
992 3287 1089 3358 uero
1115 3260 1182 3350 hic
1210 3262 1262 3348 de

1202 3403 1263 3462 re·
1368 3387 1370 3390 ’
