2942 4492
326 541 647 625 AEuunumcu
676 539 838 623 Emer.
920 565 981 654 39

206 656 311 749 lor,
346 650 493 740 saeculis
519 652 571 741 eb
599 653 700 742 indis
745 657 902 742 invemu
931 660 974 742 in

206 772 366 858 chinum
395 772 622 885 penetravit
650 801 662 864 3
691 797 763 856 nec
793 769 875 856 tale
903 769 976 858 eli·

204 889 313 1001 quod
328 884 488 972 Idolum
502 885 663 973 exhibet
685 895 729 970 in
744 905 836 971 toto
850 888 977 1004 impe·

204 1007 267 1090 rio
281 1026 362 1090 tem
392 1001 477 1088 lum
498 1001 662 1114 aliquod
683 1001 826 1086 horum
849 999 979 1090 homi·

204 1147 326 1215 num,
352 1032 490 1204 &fides
504 1119 732 1207 auctoribus
756 1112 805 1201 fit
828 1115 978 1203 heben-

205 1235 279 1331 da,
293 1235 426 1346 quide
439 1233 514 1316 hac
530 1261 572 1317 re
586 1237 827 1326 tradiavere,
842 1234 886 1314 &
902 1229 979 1318 for·

204 1377 288 1436 mas
307 1348 419 1434 nobis
434 1350 613 1432 Deorum
633 1342 844 1433 Sinenfium
868 1345 982 1432 exhi-

203 1465 344 1549 buere·
360 1465 498 1548 Nimia
513 1459 701 1546 industria
716 1457 877 1546 forsitan
893 1490 979 1548 rem

203 1573 547 1687 tetigiffevideor,
575 1574 639 1662 sed
661 1575 854 1692 palpabili
878 1605 981 1692 quo·

204 1692 424 1777 dammodo
440 1695 606 1779 veritate
632 1690 732 1776 mihi
745 1719 845 1801 opus
861 1711 977 1784 erat,

205 1811 252 1893 &
275 1809 318 1890 in
341 1808 578 1920 vertiginem
606 1802 871 1918 scepticismi‚
900 1835 982 1919 qun

205 1925 529 2034 circumaguntur
564 1941 631 2005 tot
668 1929 750 2032 jam
772 1920 981 2018 homines,

199 2037 284 2150 Jins
297 2048 394 2124 enim
409 2038 558 2154 quisque
567 2044 714 2150 patitur
729 2065 881 2127 manes,
911 2035 982 2122 de·

205 2151 362 2265 lapsus,
389 2153 486 2237 dnm
500 2181 583 2238 non
607 2149 735 2236 adhuc
759 2150 896 2236 audita
918 2181 982 2237 re·

206 2265 318 2364 fero,
348 2267 693 2352 omnibusviribus
716 2269 758 2349 in
780 2270 982 2378 remigan-

206 2380 263 2468 do
275 2443 288 2476 ‚
301 2403 350 2465 ut
361 2408 455 2465 cum
469 2380 661 2465 mercibus
674 2379 863 2471 evadam,
882 2409 980 2466 con·

208 2496 455 2580 tendendum
481 2491 535 2576 est
548 2525 560 2586 ;
587 2523 725 2578 verum
756 2497 982 2606 navigatio·

208 2610 270 2696 nis
285 2610 463 2696 nondum
487 2608 552 2693 hic
568 2603 655 2692 finis
677 2604 783 2704 esto,
811 2604 840 2692 sl
868 2611 982 2696 venti

209 2720 425 2811 secundent
441 2721 639 2841 prosperi.
689 2793 691 2802 .

266 2843 408 2927 Novus
422 2842 572 2927 etenim
585 2837 712 2932 mihi,
735 2844 781 2926 &
804 2837 983 2924 illimite-
1063 2949 1064 2952 Ν

211 2973 275 3040 tus
298 2958 341 3040 in
363 2955 445 3041 dies
466 2951 542 3053 [ese
565 2983 729 3066 campus
752 2957 902 3070 aperit.
930 2957 984 3040 A·

210 3066 467 3157 stronomiam
487 3066 861 3184 antiquiffimam&
877 3071 984 3186 apud

211 3184 408 3282 Sinenses,
437 3187 481 3270 &
503 3187 609 3302 apud
633 3187 840 3301 AEgyptios
868 3189 984 3273 noui·

213 3327 327 3396 mus,
350 3300 492 3400 exinde
508 3302 606 3387 mihi
620 3303 672 3391 ad
687 3303 789 3388 hunc
803 3329 888 3388 rem
903 3330 985 3386 ma·

616 3417 710 3503 02
925 3417 985 3526 gis
