2942 4492
214 517 217 522 '
353 505 860 600 Rern-rucrEmr.
937 533 994 614 49

229 623 304 707 liu's
336 622 500 734 gentis,
537 647 625 733 quae
656 617 786 705 adhuc
827 623 993 731 propius

229 736 321 820 huic
334 737 487 819 nomini
500 736 762 824 sunna-Chi,
788 734 995 832 accedunt,

228 850 411 961 Sasouchis
439 851 574 959 utique
597 845 754 932 secundi
781 847 896 959 hujus
934 879 1008 936 re·-v

191 1015 207 1072 3
229 968 299 1080 gni
326 957 550 1074 legissatoris
573 993 594 1052 ‚⁴
617 967 661 1048 &
684 962 878 1074 Asouchis.
909 968 996 1048 Cae-

229 1103 359 1166 terum
383 1080 501 1160 inme
525 1106 606 1161 non
629 1073 791 1190 suscipio
814 1077 996 1184 determi-

217 1191 405 1279 nandum
429 1209 562 1275 utrum
592 1220 737 1276 nomen
760 1191 997 1276 sbi-Sonent*
1136 1293 1139 1300 Ἰ

228 1309 322 1392 huic
338 1305 553 1389 Simulacro
577 1301 800 1420 appositum
823 1300 870 1387 fit
893 1304 996 1390 illius

229 1422 386 1530 Regis,
422 1421 490 1529 qui
517 1415 683 1503 statuam
726 1419 996 1532 primitivam,

229 1531 307 1640 five
330 1531 605 1648 Archetypum
630 1535 784 1629 erexit',
801 1531 876 1621 ¹vel
897 1535 997 1620 divi-

231 1650 366 1732 nitatis
392 1703 405 1736 ‚
432 1671 501 1733 aut
531 1645 707 1760 personne
731 1708 743 1742 ,
772 1651 837 1731 cui
865 1646 1014 1748 conso,

230 1786 345 1848 crate
366 1759 469 1845 fuit·
501 1767 684 1872 Utroque
709 1761 830 1846 modo
858 1791 917 1847 res
941 1761 1000 1848 su-

231 1881 289 1962 mi
317 1879 470 1992 poterit
501 1939 513 1971 ,
541 1894 663 1990 prout
690 1871 996 1989 Inscriptionem
1030 1935 1032 1939 -

231 1989 390 2107 legere,
418 1991 611 2086 ordinetis
627 1987 705 2073 hoc
721 2045 732 2078 ‚
748 1989 809 2074 vel
826 1986 898 2073 illo
915 2019 1001 2077 mo·

230 2107 285 2191 do
301 2106 411 2191 lineis
428 2103 842 2220 perpendicularibus‘,
874 2103 1003 2212 lesto-¹

230 2225 267 2304 ri
285 2221 467 2305 voluntas
484 2217 603 2304 fuerit
620 2277 629 2294 .

292 2337 330 2415 Si
360 2337 464 2417 enim
491 2359 634 2415 nomen
662 2337 703 2416 in
730 2333 875 2418 ultimo
904 2333 999 2421 loco

232 2446 285 2534 ad
310 2474 462 2533 morem
479 2440 688 2528 sinensium
709 2451 999 2544 recentiorum,

235 2555 351 2674 quem
379 2559 559 2672 sequutus
586 2555 668 2644 sum
696 2563 736 2643 in
761 2560 837 2644 hac
860 2556 1000 2644 Inscri-

235 2680 375 2790 ptione
389 2675 713 2786 interpretandi,
745 2675 999 2766 collocemus,
1047 2709 1049 2743 ι

235 2817 332 2876 tunc
344 2789 604 2902 probabiliter
612 2818 755 2896 nomen
767 2791 999 2874 Sui-Sinchi

233 2905 289 2991 est
317 2903 420 2989 illius
446 2906 604 3018 Regis,
630 2907 698 3016 qui
725 2903 1001 3018 Archetypum

233 3023 383 3109 erexit,
412 3015 713 3104 &consecravit
729 3046 740 3109 3
767 3012 794 3100 sl
817 3025 912 3104 vero
933 3048 1001 3102 or.
1130 3021 1132 3024 ’
1219 3071 1222 3078 .

234 3135 366 3219 dinem
382 3135 602 3220 litterarum
667 3130 998 3246 rpendicula'rium

235 3247 355 3335 alium
370 3251 461 3364 quis*
475 3247 546 3335 effe
570 3251 693 3337 veit,
722 3248 766 3330 δι
789 3249 998 3363 inciperea

575 3473 578 3482 Ι
631 3363 673 3444 D
936 3359 1004 3443 de.
