2942 4492
347 549 668 630 AEounmca
696 539 859 624 Ennea·
950 567 999 651 ςς

235 657 387 776 prorsus
413 659 531 744 suerit
554 661 605 744 ab
628 654 999 772 islaAEgyptiorum

232 772 447 891 praesertim
461 771 487 858 fi
499 775 540 858 hi
550 771 793 858 charat‘ieres
804 771 938 883 lingua
947 773 1000 856 Si·

232 885 508 984 nens1,nullum
523 889 641 1004 piane
657 883 804 971 sensum
820 885 1001 981 reddant,

233 1006 384 1119 quippe
398 1031 490 1088 cum
507 1029 551 1089 ut
564 1000 708 1087 sensum
727 1001 898 1115 aliquem
913 1000 1001 1086 red-

233 1119 332 1203 dant
346 1121 464 1203 etiam
488 1124 530 1202 in
544 1117 617 1203 hac
633 1116 792 1228 lingua,
814 1145 901 1229 quae
916 1145 1002 1200 mo-

231 1229 446 1347 nosyllabis'
460 1240 560 1348 penb
582 1253 670 1318 tota
684 1229 848 1320 conflat,
864 1259 1003 1316 eorum

233 1373 315 1430 non
328 1350 457 1431 minus
472 1375 613 1462 ,quam
629 1345 799 1429 aliorum
821 1346 1002 1429 omnium

233 1458 506 1546 charadbe-rurn
521 1461 625 1577 apud
641 1458 743 1544 hanc
758 1479 916 1574 gentem
930 1455 1004 1564 usu·
1176 1555 1179 1562 ,

233 1594 417 1659 tutorum·
431 1573 583 1666 sensus,
610 1577 655 1660 δι’
670 1568 906 1687 significatio
920 1603 1003 1659 non

233 1685 359 1773 solum
382 1688 604 1805 dependeat
628 1691 679 1774 ab
702 1707 897 1779 accentu,
921 1717 1004 1801 quo

236 1806 417 1899 variato,
446 1807 623 1891 variatur
645 1801 793 1898 seusus,
821 1801 883 1886 sed
907 1807 950 1888 δι
979 1833 1004 1888 a

233 1919 534 2004 combinatione
560 1927 653 2003 cum
669 1917 755 2004 aliis
778 1918 842 2004 vel
857 1938 1004 2030 praece·

233 2031 443 2129 dentibus,
471 2031 535 2121 vel
550 2031 891 2148 subsequentibus,
915 2061 1005 2146 quae

230 2148 361 2232 eidem
384 2146 666 2264 monosyllabae
701 2145 846 2233 sensum
886 2147 1004 2266 plane

234 2259 428 2347 diversum
455 2266 707 2376 imprimere,
734 2263 796 2350 vel
819 2266 930 2348 omni
958 2293 1005 2346 o-

234 2377 374 2460 mnino
390 2373 667 2489 sensup'r'ivare
685 2381 863 2491 poterit.
894 2375 1004 2460 Hinc

228 2491 366 2572 eidem
381 2489 602 2574 charad'te'ri
617 2491 799 2574 eumdem
823 2486 929 2604 quasi
943 2487 1006 2574 so·
1054 2563 1058 2572 .

234 2600 420 2697 num,s1ue
434 2602 621 2720 syllabam
637 2607 689 2690 ab
704 2625 872 2719 utraque
885 2625 1003 2716 gente

232 2721 399 2803 attribui
414 2723 529 2834 piane
544 2715 725 2838 possibile
748 2717 828 2810 est,
857 2716 1002 2830 absque

230 2837 404 2946 eoquod
429 2835 568 2950 lingua
593 2839 708 2920 unius
732 2831 778 2920 fit
803 2834 873 2920 ilsa
903 2834 1003 2919 alte-

230 2951 336 3040 rium
358 2953 448 3035 -imb
472 2953 516 3035 ’ὅτ
542 2954 583 3034 in
607 2949 681 3034 hae
711 2949 846 3064 lingua
867 2952 1001 3035 Sinen-

229 3057 332 3146 sium·
350 3069 556 3150 notatione
579 3057 737 3178 insuper
760 3067 924 3174 dignum
945 3061 1001 3147 est
1167 3105 1171 3114 ·

231 3193 379 3292 paucas
391 3202 559 3268 numero
580 3177 875 3296 monosyllaba-s
898 3178 1000 3266 mul-

230 3293 422 3468 tiplic-atis
437 3296 722 3518 uittamocbutz
731 3351 745 3388 ,
775 3315 998 3525 ηυωεῐιὲῗιῐέ
1134 3379 1140 3394 ,
