2942 4492
480 485 538 574 64
630 477 1109 563 ualuscmrrour

478 612 599 705 ptus,
629 615 733 673 nunc
756 592 811 674 ob
832 591 1028 679 elevatam
1058 611 1175 679 terrae
1204 593 1265 686 su

480 696 683 820 perficiem
713 709 851 792 annuis
870 738 895 793 a
912 701 1170 820 superioribus
1198 710 1266 794 lo·

481 822 539 904 cis
567 819 771 934 abreptis,
800 823 845 905 &
865 818 1053 937 ‘depofitis
1082 853 1133 910 ex
1157 853 1265 939 aqua

481 931 736 1026 sedimento,
759 939 1075 1050 vigintiquatuor
1090 996 1102 1028 ,
1117 941 1179 1026 vel
1203 941 1266 1025 vi-

483 1051 761 1162 gintiquinque
785 1053 912 1137 cubiti
940 1053 1141 1138 necessarii
1154 1081 1266 1169 pror·

485 1161 546 1248 sus
575 1161 741 1249 suntad
777 1166 1074 1252 inundationem
1103 1165 1265 1282 praesen-

484 1300 589 1375 tem,
617 1301 665 1364 ut
679 1309 729 1366 ex
745 1283 925 1368 Auctore
953 1283 1165 1367 recentiori
1195 1309 1269 1363 nu·

485 1423 559 1508 per
581 1395 750 1509 collegi:
780 1399 885 1512 Ergo
917 1395 981 1484 vel
1010 1396 1138 1492 olim,
1167 1392 1194 1480 sr
1224 1399 1265 1476 in

484 1531 694 1622 tempora,
724 1515 769 1594 δι
795 1531 863 1595 tot
890 1540 1086 1595 annorum
1110 1508 1263 1598 millia,

484 1627 792 1739 quaeScripturae
808 1627 935 1710 Sacrae
957 1624 1262 1738 chronologiam

489 1759 669 1833 anteunt,
682 1741 892 1827 evehamus
906 1740 1057 1833 oculos,
1073 1745 1264 1853 AEgyptut

458 1850 461 1866 ‘
487 1857 720 1968 aquamaris
735 1858 891 1967 penitus
904 1854 1096 1968 oppleta,
1123 1859 1169 1938 &
1191 1857 1268 1936 im·

487 1967 612 2055 mersa
626 1997 707 2050 non
721 1969 860 2051 extitit
875 2027 887 2058 ,
900 1967 967 2052 vel
980 1966 1158 2080 praesenti
1171 1989 1270 2050 aeta-

436 2107 450 2180 s
488 2107 530 2168 te
557 2085 607 2168 ab
635 2083 810 2197 AEgypto
832 2079 1108 2168 excluderetur
1120 2078 1268 2176 Nilus,

489 2199 534 2280 &
562 2199 837 2283 inundationes
865 2224 1002 2281 annuae
1031 2195 1266 2306 jamdudum

490 2311 572 2396 Soli
584 2311 802 2396 elevatione
830 2314 1057 2424 impeditae,
1081 2312 1126 2394 ἃ
1141 2306 1268 2396 restri-

491 2432 566 2513 ἀπ
593 2425 820 2513 cellallent·
866 2428 963 2513 Haec
990 2455 1083 2512 cum
1109 2427 1165 2509 ita
1192 2419 1267 2509 sunt

491 2539 574 2653 spes
591 2542 688 2627 mihi
703 2570 784 2627 non
798 2539 923 2655 parra
937 2538 1091 2635 incidit,
1100 2539 1208 2651 quod
1222 2540 1268 2622 &

493 2659 667 2772 pretium
692 2660 769 2740 mei
797 2655 1093 2770 qualiscumque
1121 2658 1164 2737 in
1189 2650 1267 2736 hac

496 2800 540 2855 re
557 2773 703 2855 laboris
719 2792 763 2856 ut
776 2768 823 2857 fit
837 2800 958 2884 quam
972 2772 1146 2854 maxime
1158 2767 1267 2856 volo,

494 2903 560 2968 tot
577 2887 785 2998 imperitos
800 2882 910 2972 simul
934 2884 978 2966 δι
993 2883 1273 2996 imprudentes¹

494 2999 630 3091 Viros,
645 2997 903 3116 Philosophus
920 2997 1009 3082 sane
1024 3028 1107 3082 non
1121 2999 1267 3087 dicam,

234 3127 236 3132 ’
283 3203 287 3209 ,
410 3119 481 3228 qui
495 3115 587 3199 vitae
602 3132 683 3224 tam
699 3111 853 3210 brevis,
876 3141 964 3229 quoe
990 3113 1103 3199 nobis
1118 3109 1274 3194 hicob-

318 3237 322 3250 '
474 3222 762 3356 &cingiufinem
775 3230 821 3317 &
835 3225 1142 3345 pretiumplane
1157 3225 1271 3336 igno-

487 3355 506 3370 *
1182 3363 1274 3424 ran·
